<record><leader>00000cas a2200000 a 4500</leader><controlfield tag="001">20575242</controlfield><controlfield tag="008">891031d19881991nyuwr ne      0   a0eng c</controlfield><datafield ind1=" " ind2=" " tag="010"><subfield code="a">sn 89003460 </subfield></datafield><datafield ind1=" " ind2=" " tag="040"><subfield code="a">NSD</subfield><subfield code="b">eng</subfield><subfield code="c">NSD</subfield><subfield code="d">NYS</subfield><subfield code="d">OCLCQ</subfield><subfield code="d">OCLCF</subfield><subfield code="d">OCLCO</subfield></datafield><datafield ind1=" " ind2=" " tag="012"><subfield code="m">X</subfield></datafield><datafield ind1="1" ind2=" " tag="022"><subfield code="a">1046-9729</subfield><subfield code="l">1046-9729</subfield><subfield code="2">1</subfield></datafield><datafield ind1="1" ind2=" " tag="029"><subfield code="a">AU@</subfield><subfield code="b">000020589894</subfield></datafield><datafield ind1=" " ind2=" " tag="032"><subfield code="a">730390</subfield><subfield code="b">USPS</subfield></datafield><datafield ind1=" " ind2=" " tag="037"><subfield code="b">The Bronx Times Reporter, Inc., 3711 E. Tremont Ave., Bronx, NY 10465</subfield></datafield><datafield ind1=" " ind2=" " tag="042"><subfield code="a">nsdp</subfield><subfield code="a">pcc</subfield></datafield><datafield ind1=" " ind2=" " tag="043"><subfield code="a">n-us-ny</subfield></datafield><datafield ind1="0" ind2=" " tag="130"><subfield code="a">Bronx times reporter (Bronx, New York, N.Y. : Castle Hill/Soundview ed.)</subfield></datafield><datafield ind1=" " ind2="0" tag="222"><subfield code="a">Bronx times reporter</subfield><subfield code="b">(Castle Hill/Soundview ed.)</subfield></datafield><datafield ind1="1" ind2="0" tag="245"><subfield code="a">Bronx times reporter.</subfield></datafield><datafield ind1=" " ind2=" " tag="250"><subfield code="a">[Castle Hill/Soundview ed.].</subfield></datafield><datafield ind1=" " ind2=" " tag="260"><subfield code="a">[Bronx, N.Y.] :</subfield><subfield code="b">Bronx Times Reporter, Inc.</subfield></datafield><datafield ind1=" " ind2=" " tag="300"><subfield code="a">v.</subfield></datafield><datafield ind1=" " ind2=" " tag="310"><subfield code="a">Weekly</subfield></datafield><datafield ind1="1" ind2=" " tag="362"><subfield code="a">Began in 1988.</subfield></datafield><datafield ind1="1" ind2=" " tag="362"><subfield code="a">Ceased in 1991.</subfield></datafield><datafield ind1="8" ind2=" " tag="521"><subfield code="a">"Serving Castle Hill, Soundview, Bronx River, Soundview-Bruckner, Clason Point, Harding Park, Parkchester, Unionport, Stratton Park."</subfield></datafield><datafield ind1=" " ind2=" " tag="588"><subfield code="a">Description based on: Vol. 2, no. 23 (Thursday, Oct. 5, 1989).</subfield></datafield><datafield ind1=" " ind2="0" tag="651"><subfield code="a">Bronx (New York, N.Y.)</subfield><subfield code="v">Newspapers.</subfield></datafield><datafield ind1=" " ind2="0" tag="651"><subfield code="a">Bronx County (N.Y.)</subfield><subfield code="v">Newspapers.</subfield></datafield><datafield ind1=" " ind2="0" tag="651"><subfield code="a">New York (N.Y.)</subfield><subfield code="v">Newspapers.</subfield></datafield><datafield ind1=" " ind2="7" tag="655"><subfield code="a">Newspapers.</subfield><subfield code="2">fast</subfield><subfield code="0">(OCoLC)fst01423814</subfield></datafield><datafield ind1=" " ind2="7" tag="651"><subfield code="a">New York (State)</subfield><subfield code="z">Bronx County.</subfield><subfield code="2">fast</subfield><subfield code="0">(OCoLC)fst01246823</subfield></datafield><datafield ind1=" " ind2="7" tag="651"><subfield code="a">New York (State)</subfield><subfield code="z">New York.</subfield><subfield code="2">fast</subfield><subfield code="0">(OCoLC)fst01204333</subfield></datafield><datafield ind1=" " ind2="7" tag="651"><subfield code="a">New York (State)</subfield><subfield code="z">New York</subfield><subfield code="z">Bronx.</subfield><subfield code="2">fast</subfield><subfield code="0">(OCoLC)fst01313050</subfield></datafield><datafield ind1=" " ind2=" " tag="752"><subfield code="a">United States</subfield><subfield code="b">New York</subfield><subfield code="c">Bronx</subfield><subfield code="d">New York.</subfield></datafield><datafield ind1=" " ind2=" " tag="752"><subfield code="a">United States</subfield><subfield code="b">New York</subfield><subfield code="d">New York.</subfield></datafield><datafield ind1="0" ind2=" " tag="775"><subfield code="t">Bronx times reporter (Bronx, New York, N.Y. : Throggs Neck/Pelham Bay ed.)</subfield><subfield code="x">8750-4499</subfield><subfield code="w">(DLC)sn 84004499</subfield><subfield code="w">(OCoLC)11416187</subfield></datafield><datafield ind1="0" ind2=" " tag="775"><subfield code="t">Bronx times reporter (Bronx, New York, N.Y. : Morris Park/Pelham Parkway ed.)</subfield><subfield code="x">1046-9737</subfield><subfield code="w">(DLC)sn 89003458</subfield><subfield code="w">(OCoLC)20575143</subfield></datafield><datafield ind1="0" ind2="0" tag="785"><subfield code="t">Bronx times (Bronx, New York, N.Y. : Castle Hill/Soundview/Parkchester ed.)</subfield><subfield code="w">(DLC)  2002061469</subfield><subfield code="w">(OCoLC)48952416</subfield></datafield></record>